@inproceedings{karypis1995multilevel,
  title={Multilevel graph partitioning schemes},
  author={Karypis, George and Kumar, Vipin},
  booktitle={ICPP (3)},
  pages={113--122},
  year={1995}
}
@incollection{awad2015support,
  title={Support vector regression},
  author={Awad, Mariette and Khanna, Rahul},
  booktitle={Efficient learning machines},
  pages={67--80},
  year={2015},
  publisher={Springer}
}
@article{dytrych2016efficacy,
  title={Efficacy of the SU (3) scheme for ab initio large-scale calculations beyond the lightest nuclei},
  author={Dytrych, Tomas and Maris, Pieter and Launey, Kristina D and Draayer, Jerry P and Vary, James P and Langr, Daniel and Saule, Erik and Caprio, MA and Catalyurek, U and Sosonkina, Masha},
  journal={Computer Physics Communications},
  volume={207},
  pages={202--210},
  year={2016},
  publisher={Elsevier}
}

@inproceedings{lawrence2008mpi,
  title={An mpi tool for automatically discovering the switch level topologies of ethernet clusters},
  author={Lawrence, Joshua and Yuan, Xin},
  OPTbooktitle={2008 IEEE International Symposium on Parallel and Distributed Processing},
booktitle={proc. IPDPS},
  pages={1--8},
  year={2008},
}
@inproceedings{boman2013scalable,
  title={Scalable matrix computations on large scale-free graphs using 2D graph partitioning},
  author={Boman, Erik G and Devine, Karen D and Rajamanickam, Sivasankaran},
  OPTbooktitle={Proceedings of the International Conference on High Performance Computing, Networking, Storage and Analysis},
  booktitle={Proc. SuperComputing},
  pages={1--12},
  year={2013}
}
@article{chang2002training,
  title={Training v-support vector regression: theory and algorithms},
  author={Chang, Chih-Chung and Lin, Chih-Jen},
  journal={Neural computation},
  volume={14},
  number={8},
  pages={1959--1977},
  year={2002},
  publisher={MIT Press}
}
@article{guo2013performance,
  title={A performance modeling and optimization analysis tool for sparse matrix-vector multiplication on GPUs},
  author={Guo, Ping and Wang, Liqiang and Chen, Po},
  OPTjournal={IEEE Transactions on Parallel and Distributed Systems},
  journal={IEEE TPDS},
  volume={25},
  number={5},
  pages={1112--1123},
  year={2013},
}
@inproceedings{guo2018performance,
  title={Performance Prediction for CSR-Based SpMV on GPUs Using Machine Learning},
  author={Guo, Ping and Zhang, Changjiang},
  OPTbooktitle={2018 IEEE 4th International Conference on Computer and Communications (ICCC)},
  booktitle={Proc. ICCC},
  pages={1956--1960},
  year={2018},
  organization={IEEE}
}
@inproceedings{li2013numa,
  title={NUMA-aware shared-memory collective communication for MPI},
  author={Li, Shigang and Hoefler, Torsten and Snir, Marc},
  OPTbooktitle={Proceedings of the 22nd international symposium on High-performance parallel and distributed computing},
  booktitle={Proc. HPDC},
  pages={85--96},
  year={2013}
}
@article{gleich2015pagerank,
  title={PageRank beyond the Web},
  author={Gleich, David F},
  journal={siam REVIEW},
  volume={57},
  number={3},
  pages={321--363},
  year={2015},
  publisher={SIAM}
}
@book{saad2003iterative,
  title={Iterative methods for sparse linear systems},
  author={Saad, Yousef},
  year={2003},
  publisher={SIAM}
}
@article{deveci2015hypergraph,
  title={Hypergraph partitioning for multiple communication cost metrics: Model and methods},
  author={Deveci, Mehmet and Kaya, Kamer and U{\c{c}}ar, Bora and {\c{C}}ataly{\"u}rek, {\"U}mit V},
  OPTjournal={Journal of Parallel and Distributed Computing},
  journal={JPDC},
  volume={77},
  pages={69--83},
  year={2015},
  publisher={Elsevier}
}
@inproceedings{kaya2013analysis,
  title={Analysis of partitioning models and metrics in parallel sparse matrix-vector multiplication},
  author={Kaya, Kamer and U{\c{c}}ar, Bora and {\c{C}}ataly{\"u}rek, {\"U}mit V},
  OPTbooktitle={International Conference on Parallel Processing and Applied Mathematics},
  booktitle={Proc. PPAM},
  pages={174--184},
  year={2013},
  organization={Springer}
}
@inproceedings{nisa2018effective,
  title={Effective machine learning based format selection and performance modeling for SpMV on GPUs},
  author={Nisa, Israt and Siegel, Charles and Rajam, Aravind Sukumaran and Vishnu, Abhinav and Sadayappan, P},
  OPTbooktitle={2018 IEEE International Parallel and Distributed Processing Symposium Workshops (IPDPSW)},
  booktitle={Proc. IPDPSW},
  pages={1056--1065},
  year={2018},
  organization={IEEE}
}
